<?xml version="1.0" encoding="UTF-8"?><record xmlns="http://www.loc.gov/MARC21/slim" xmlns:cinclude="http://apache.org/cocoon/include/1.0" xmlns:zs="http://www.loc.gov/zing/srw/">
  <leader>00480cz  a2200133n  4500</leader>
  <controlfield tag="001">n  82100907 </controlfield>
  <controlfield tag="003">DLC</controlfield>
  <controlfield tag="005">20090109074108.0</controlfield>
  <controlfield tag="008">820802n| acannaabn          |n ana     c</controlfield>
  <datafield tag="010" ind1=" " ind2=" ">
    <subfield code="a">n  82100907 </subfield>
  </datafield>
  <datafield tag="035" ind1=" " ind2=" ">
    <subfield code="a">(OCoLC)oca00797468</subfield>
  </datafield>
  <datafield tag="040" ind1=" " ind2=" ">
    <subfield code="a">CU</subfield>
    <subfield code="b">eng</subfield>
    <subfield code="c">DLC</subfield>
    <subfield code="d">OCoLC</subfield>
  </datafield>
  <datafield tag="110" ind1="2" ind2=" ">
    <subfield code="a">Afro-American League of San Francisco</subfield>
  </datafield>
  <datafield tag="670" ind1=" " ind2=" ">
    <subfield code="a">Its Souvenir programme for the emancipation celebration of the Afro-American League at Bethel A.M.E. Church, 1901:</subfield>
    <subfield code="b">p. 1 (Afro-American League of San Francisco)</subfield>
  </datafield>
</record>